@article{chippagiri2025comprehensive,
  author    = {Chippagiri, S.},
  title     = {A Comprehensive Review of Software Design Patterns: Applications and Future Direction},
  journal   = {The Review of Contemporary Scientific and Academic Studies},
  volume    = {5},
  number    = {2},
  pages     = {1--12},
  year      = {2025},
  doi       = {10.55454/rcsas.5.02.2025.001}
}

@online{soler2024patrones,
  author    = {Soler, D.},
  title     = {¿Qué son los patrones de diseño de software?},
  year      = {2024},
  date      = {2024-05-10},
  url       = {https://keepcoding.io/blog/patrones-de-diseno-de-software/},
  note      = {KeepCoding}
}

@online{refactoringguru_nodate,
  author    = {{Refactoring.Guru}},
  title     = {Patrones de diseño (Design Patterns)},
  year      = {n.d.},
  url       = {https://refactoring.guru/es/design-patterns},
  note      = {Accedido en 2025}
}

@online{ccori2018patrones,
  author    = {Ccori Huaman, W.},
  title     = {Los 10 patrones comunes de arquitectura de software},
  year      = {2018},
  date      = {2018-09-07},
  url       = {https://medium.com/@maniakhitoccori/los-10-patrones-comunes-de-arquitectura-de-software-d8b9047edf0b},
  note      = {Medium}
}

@book{gamma1995design,
  title={Design Patterns: Elements of Reusable Object-Oriented Software},
  author={Gamma, Erich and Helm, Richard and Johnson, Ralph and Vlissides, John},
  year={1995},
  publisher={Addison-Wesley}
}

@book{buschmann1996pattern,
  title={Pattern-Oriented Software Architecture, Volume 1: A System of Patterns},
  author={Buschmann, Frank and Meunier, Regine and Rohnert, Hans and Sommerlad, Peter and Stal, Michael},
  year={1996},
  publisher={Wiley}
}

@book{fowler2002patterns,
  title={Patterns of Enterprise Application Architecture},
  author={Fowler, Martin},
  year={2002},
  publisher={Addison-Wesley}
}

@book{freeman2004head,
  title={Head First Design Patterns},
  author={Freeman, Eric and Robson, Elisabeth and Bates, Bert and Sierra, Kathy},
  year={2004},
  publisher={O'Reilly Media}
}

@book{evans2003domain,
  title={Domain-Driven Design: Tackling Complexity in the Heart of Software},
  author={Evans, Eric},
  year={2003},
  publisher={Addison-Wesley}
}

@book{newman2015building,
  title={Building Microservices},
  author={Newman, Sam},
  year={2015},
  publisher={O'Reilly Media}
}

@article{fowler2011cqrs,
  title={CQRS},
  author={Fowler, Martin},
  year={2011},
  url={https://martinfowler.com/bliki/CQRS.html},
  note={Consultado en julio de 2025}
}

@book{vernon2013implementing,
  title={Implementing Domain-Driven Design},
  author={Vernon, Vaughn},
  year={2013},
  publisher={Addison-Wesley}
}

@book{richardson2018microservices,
  title={Microservices Patterns: With Examples in Java},
  author={Richardson, Chris},
  year={2018},
  publisher={Manning Publications}
}

@book{lowy2013implementing,
  title={Implementing Domain-Driven Design},
  author={Lowy, Udi},
  year={2013},
  publisher={Blue Spire Consulting}
}
